<mx:record xmlns="http://www.w3.org/TR/xhtml1/strict" xmlns:mx="http://www.loc.gov/MARC21/slim" xmlns:xsi="http://www.w3.org/2001/XMLSchema-instance"><mx:leader>00000cz   2200000n  0000</mx:leader><mx:controlfield tag="001">oca00076345 </mx:controlfield><mx:controlfield tag="005">20001212153511.0</mx:controlfield><mx:controlfield tag="008">800728n| acannaab           |a aaa      </mx:controlfield><mx:datafield ind1=" " ind2=" " tag="010"><mx:subfield code="a">n  50041157</mx:subfield></mx:datafield><mx:datafield ind1=" " ind2=" " tag="040"><mx:subfield code="a">DLC</mx:subfield><mx:subfield code="c">DLC</mx:subfield></mx:datafield><mx:datafield ind1="0" ind2=" " tag="100"><mx:subfield code="a">Claudius,</mx:subfield><mx:subfield code="c">Emperor of Rome,</mx:subfield><mx:subfield code="d">10 B.C.-54 A.D.</mx:subfield></mx:datafield><mx:datafield ind1="0" ind2=" " tag="400"><mx:subfield code="a">Tiberius Claudius Caesar Augustus Germanicus,</mx:subfield><mx:subfield code="c">Emperor of Rome,</mx:subfield><mx:subfield code="d">10 B.C.-54 A.D.</mx:subfield></mx:datafield><mx:datafield ind1="0" ind2=" " tag="400"><mx:subfield code="a">Claudio,</mx:subfield><mx:subfield code="c">Emperor of Rome,</mx:subfield><mx:subfield code="d">10 B.C.-54 A.D.</mx:subfield></mx:datafield><mx:datafield ind1="0" ind2=" " tag="400"><mx:subfield code="a">Claude,</mx:subfield><mx:subfield code="c">Emperor of Rome,</mx:subfield><mx:subfield code="d">10 B.C.-54 A.D.</mx:subfield></mx:datafield><mx:datafield ind1="0" ind2=" " tag="400"><mx:subfield code="a">Ḳlaʼudyus,</mx:subfield><mx:subfield code="c">Emperor of Rome,</mx:subfield><mx:subfield code="d">10 B.C.-54 A.D.</mx:subfield></mx:datafield><mx:datafield ind1=" " ind2=" " tag="670"><mx:subfield code="a">Brit. Mus. cat.</mx:subfield><mx:subfield code="b">(Claudius, Emperor of Rome [Tiberius Claudius Caesar Augustus Germanicus]; refs.: Claudio, Emperor of Rome; Claude, Emperor of Rome)</mx:subfield></mx:datafield><mx:datafield ind1=" " ind2=" " tag="670"><mx:subfield code="a">Ḳlaʼudyus ṿe-Neron, 1999.</mx:subfield></mx:datafield><mx:datafield ind1=" " ind2=" " tag="999"><mx:subfield code="a">114200</mx:subfield></mx:datafield></mx:record>